@article{maxwell1865dynamical,
  title={A dynamical theory of the electromagnetic field},
  author={Maxwell, J Clerk},
  journal={Philosophical transactions of the Royal Society of London},
  volume={155},
  pages={459--512},
  year={1865},
  publisher={JSTOR}
}

@article{michelson1887relative,
  title={On the Relative Motion of the Earth and of the Luminiferous Ether},
  author={Michelson, Albert A and Morley, Edward W},
  journal={Sidereal Messenger, vol. 6, pp. 306-310},
  volume={6},
  pages={306--310},
  year={1887}
}

@article{herrmann2009rotating,
  title={Rotating optical cavity experiment testing Lorentz invariance at the 10- 17 level},
  author={Herrmann, Sven and Senger, A and M{\"o}hle, K and Nagel, M and Kovalchuk, EV and Peters, A},
  journal={Physical Review D},
  volume={80},
  number={10},
  pages={105011},
  year={2009},
  publisher={APS}
}

@inproceedings{lorentz1904electromagnetic,
  title={Electromagnetic phenomena in a system moving with any velocity smaller than that of light},
  author={Lorentz, HA},
  booktitle={KNAW Proceedings},
  volume={6},
  pages={1903--1904},
  year={1904}
}

@incollection{poincare1976measure,
  title={The measure of time},
  author={Poincar{\'e}, Henri},
  booktitle={The Concepts of Space and Time},
  pages={317--327},
  year={1976},
  publisher={Springer}
}