@article{lauterbur1973image,
  title={Image formation by induced local interactions: examples employing nuclear magnetic resonance},
  author={Lauterbur, Paul C and others},
  year={1973}
}