@article{rabi1938new,
  title={A new method of measuring nuclear magnetic moment},
  author={Rabi, Isidor Isaac and Zacharias, Jerrold R and Millman, Sidney and Kusch, Polykarp},
  journal={Physical Review},
  volume={53},
  number={4},
  pages={318},
  year={1938},
  publisher={APS}
}

@article{PhysRev.69.37,
  title = {Resonance Absorption by Nuclear Magnetic Moments in a Solid},
  author = {Purcell, E. M. and Torrey, H. C. and Pound, R. V.},
  journal = {Phys. Rev.},
  volume = {69},
  issue = {1-2},
  pages = {37--38},
  numpages = {0},
  year = {1946},
  month = {Jan},
  publisher = {American Physical Society},
  doi = {10.1103/PhysRev.69.37},
  url = {https://link.aps.org/doi/10.1103/PhysRev.69.37}
}

@article{PhysRev.70.474,
  title = {The Nuclear Induction Experiment},
  author = {Bloch, F. and Hansen, W. W. and Packard, M.},
  journal = {Phys. Rev.},
  volume = {70},
  issue = {7-8},
  pages = {474--485},
  numpages = {0},
  year = {1946},
  month = {Oct},
  publisher = {American Physical Society},
  doi = {10.1103/PhysRev.70.474},
  url = {https://link.aps.org/doi/10.1103/PhysRev.70.474}
}
