@book{taylor2004modern,
  title={Modern physics for scientists and engineers},
  author={Taylor, John R and Dubson, Michael A and Zafiratos, Chris D},
  year={2004},
  publisher={Prentice-Hall}
}

@article{compton1923quantum,
  title={A quantum theory of the scattering of X-rays by light elements},
  author={Compton, Arthur H},
  journal={Physical review},
  volume={21},
  number={5},
  pages={483},
  year={1923},
  publisher={APS}
}

@article{woo1926distribution,
  title={The Distribution of Energy between the Modified and the Unmodified Rays in the Compton Effect},
  author={Woo, YH},
  journal={physical Review},
  volume={27},
  number={2},
  pages={119},
  year={1926},
  publisher={APS}
}