@article{lambert1984iodine,
  title={Iodine clock reaction mechanisms},
  author={Lambert, Jack L and Fina, Gary T},
  journal={Journal of Chemical Education},
  volume={61},
  number={12},
  pages={1037},
  year={1984},
  publisher={ACS Publications}
}

@article{prigogine1978time,
  title={Time, structure, and fluctuations},
  author={Prigogine, Ilya},
  journal={Science},
  volume={201},
  number={4358},
  pages={777--785},
  year={1978},
  publisher={American Association for the Advancement of Science}
}

@misc{ wiki:convection,
    author = "{Wikipedia contributors}",
    title = "{Rayleigh–Bénard convection} --- {Wikipedia}{,} The Free Encyclopedia",
    year = "2018",
    howpublished = "\url{https://en.wikipedia.org/w/index.php?title=Rayleigh%E2%80%93B%C3%A9nard_convection&oldid=840213126}",
    note = "[Online; accessed 5-May-2019]"
  }
