@article{crookes1903certain,
  title={Certain properties of the emanations of radium},
  author={Crookes, William},
  journal={Chem. News},
  volume={87},
  pages={241},
  year={1903}
}

@article{curran1949counting,
  title={Counting tubes, theory and applications},
  author={Curran, Samuel Crwoe and Craggs, John Drummond},
  year={1949},
  publisher={Butterworths}
}

@misc{ wiki:ScintillationCounter,
    author = "{Wikipedia contributors}",
    title = "Scintillation counter --- {Wikipedia}{,} The Free Encyclopedia",
    year = "2019",
    howpublished = "\url{https://en.wikipedia.org/w/index.php?title=Scintillation_counter&oldid=879952938}",
    note = "[Online; accessed 28-April-2019]"
  }

@misc{sodium-iodide:online,
	author = "{Saint-Gobain Crystals}",
	title = {{NaI(Tl) Scintillation Material -- Data Sheet}},
	howpublished = {\url{https://www.crystals.saint-gobain.com/sites/imdf.crystals.com/files/documents/sodium-iodide-material-data-sheet_0.pdf}},
	month = {},
	year = {},
	note = {(Accessed on 04/28/2019)}
}

@misc{ wiki:klein-nishina,
    author = "{Wikipedia contributors}",
    title = "Kleinâ€“Nishina formula --- {Wikipedia}{,} The Free Encyclopedia",
    year = "2019",
    howpublished = "\url{https://en.wikipedia.org/w/index.php?title=Klein%E2%80%93Nishina_formula&oldid=885935488}",
    note = "[Online; accessed 28-April-2019]"
  }

@book{zee2010quantum,
  title={Quantum field theory in a nutshell},
  author={Zee, Anthony},
  volume={7},
  year={2010},
  publisher={Princeton university press}
}