@book{textbook,
	author={吴思诚{, }荀坤},
	year={2015},
	title={近代物理实验},
	publisher={高等教育出版社},
	address={北京},
	edition={第4版},
	isbn={9787040418309;7040418304;},
	language={Chinese},
}