@article{kerr1877xliii,
  title={XLIII. On rotation of the plane of polarization by reflection from the pole of a magnet},
  author={Kerr, John},
  journal={The London, Edinburgh, and Dublin Philosophical Magazine and Journal of Science},
  volume={3},
  number={19},
  pages={321--343},
  year={1877},
  publisher={Taylor \& Francis}
}

@misc{faraday1933faraday,
  title={Faradayâ€™s Diary. Volume IV, Nov. 12, 1839-June 26, 1847},
  author={Faraday, M},
  year={1933},
  publisher={George Bell and Sons, Ltd., London}
}

@book{zeeman1896ueber,
  title={Ueber einen Einfluss der Magnetisirung auf die Natur des von einer Substanz emittirten Lichtes},
  author={Zeeman, Pieter},
  year={1896}
}

@book{sakurai2014modern,
  title={Modern quantum mechanics},
  author={Sakurai, Jun John and Napolitano, Jim and others},
  year={2014},
  publisher={Pearson Harlow}
}