@unknown{unknown,
author = {Cuff, Thomas},
year = {2016},
month = {02},
pages = {},
title = {The STM (Scanning Tunneling Microscope) [The forgotten contribution of Robert Francis Earhart to the discovery of quantum tunneling.]}
}