@misc{tunnelOrigin,
author = {Cuff, Thomas},
year = {2016},
month = {02},
title = {The forgotten contribution of Robert Francis Earhart to the discovery of quantum tunneling},
url = {https://www.researchgate.net/publication/294260678_The_STM_Scanning_Tunneling_Microscope_The_forgotten_contribution_of_Robert_Francis_Earhart_to_the_discovery_of_quantum_tunneling}
}

@misc{mohsen2003quantum,
  title={Quantum Theory of tunneling},
  author={Mohsen, Razavy},
  year={2003},
  publisher={World Scientific}
}

@article{binnig1982surface,
  title={Surface studies by scanning tunneling microscopy},
  author={Binnig, Gerd and Rohrer, Heinrich and Gerber, Ch and Weibel, Edmund},
  journal={Physical review letters},
  volume={49},
  number={1},
  pages={57},
  year={1982},
  publisher={APS}
}

@article{young1972topografiner,
  title={The topografiner: an instrument for measuring surface microtopography},
  author={Young, Russell and Ward, John and Scire, Fredric},
  journal={Review of Scientific Instruments},
  volume={43},
  number={7},
  pages={999--1011},
  year={1972},
  publisher={AIP}
}

@book{griffiths2016introduction,
  title={Introduction to quantum mechanics},
  author={Griffiths, David J},
  year={2016},
  publisher={Cambridge University Press}
}

@article{stmIBM,
author={Binnig,G. and Rohrer,H.},
year={2000},
month={Jan},
title={Scanning tunneling microscopy},
journal={IBM Journal of Research and Development},
volume={44},
number={1},
pages={279-293},
isbn={00188646},
language={English},
url={https://search.proquest.com/docview/220681441?accountid=13151},
}

@book{gamow2012one,
  title={One Two Three... Infinity: Facts and Speculations of Science},
  author={Gamow, George},
  year={2012},
  publisher={Courier Corporation}
}

@misc{LABUNIT530:online,
author = {{UNIVERSITY OF WASHINGTON}},
title = {LAB: Scanning Tunneling Microscopy},
url = {http://www.nanoscience.com/files/5713/7961/7578/STM_Lab5-STM.pdf},
note = {(Accessed on 10/22/2017)}
}