@article{mossbauer1958kernresonanzfluoreszenz,
  title={Kernresonanzfluoreszenz von gammastrahlung in Ir 191},
  author={M{\"o}ssbauer, Rudolf L},
  journal={Zeitschrift f{\"u}r Physik},
  volume={151},
  number={2},
  pages={124--143},
  year={1958},
  publisher={Springer}
}

@article{pound1959gravitational,
  title={Gravitational red-shift in nuclear resonance},
  author={Pound, Robert V and Rebka Jr, Glen A},
  journal={Physical Review Letters},
  volume={3},
  number={9},
  pages={439},
  year={1959},
  publisher={APS}
}