@article{lukasiak2010history,
  title={History of semiconductors},
  author={{\L}ukasiak, Lidia and Jakubowski, Andrzej},
  journal={Journal of Telecommunications and information technology},
  pages={3--9},
  year={2010}
}

@article{hall1879new,
  title={On a new action of the magnet on electric currents},
  author={Hall, Edwin H},
  journal={American Journal of Mathematics},
  volume={2},
  number={3},
  pages={287--292},
  year={1879},
  publisher={JSTOR}
}

@article{thomson1897discovery,
  title={Discovery of the electron},
  author={Thomson, Joseph John},
  journal={Philosophical Magazine},
  volume={44},
  pages={93},
  year={1897}
}

@article{gudden1930elektrischen,
  title={Zur elektrischen Leitf{\"a}higkeit},
  author={Gudden, B and Schottky, W},
  journal={Erlangener Ber},
  volume={62},
  pages={289},
  year={1930}
}

@article{bloch1928quantum,
  title={Quantum mechanics of electrons in crystal lattices},
  author={Bloch, Felix},
  journal={Z. Phys},
  volume={52},
  pages={555--600},
  year={1928}
}

@article{wilson1931theory,
  title={The theory of electronic semi-conductors},
  author={Wilson, Alan Herries},
  journal={Proceedings of the Royal Society of London. Series A, Containing Papers of a Mathematical and Physical Character},
  volume={133},
  number={822},
  pages={458--491},
  year={1931},
  publisher={JSTOR}
}

@article{morin1954electrical,
  title={Electrical properties of silicon containing arsenic and boron},
  author={Morin, FJ and Maita, JP},
  journal={Physical Review},
  volume={96},
  number={1},
  pages={28},
  year={1954},
  publisher={APS}
}

@article{kasap2001hall,
  title={Hall effect in semiconductors},
  author={Kasap, Safa},
  journal={Electronic Booklet},
  year={2001}
}

@article{van1958method,
  title={A method of measuring specific resistivity and Hall effect of discs of arbitrary shapes},
  author={van der Pauw, Leo J},
  journal={Philips research reports},
  volume={13},
  pages={1--9},
  year={1958}
}